<record xmlns="http://www.loc.gov/MARC21/slim">
   <leader>01645cam a2200337 i 45 0</leader>
   <controlfield tag="001">6849360</controlfield>
   <controlfield tag="005">20141021160102.0</controlfield>
   <controlfield tag="008">140925s2015    nju      b    001 0 eng c</controlfield>
   <datafield ind1=" " ind2=" " tag="010">
      <subfield code="a">  2014038095</subfield>
   </datafield>
   <datafield ind1=" " ind2=" " tag="020">
      <subfield code="a">9781412856683 (alk. paper)</subfield>
   </datafield>
   <datafield ind1=" " ind2=" " tag="040">
      <subfield code="a">IEN/DLC</subfield>
      <subfield code="b">eng</subfield>
      <subfield code="e">rda</subfield>
      <subfield code="c">IEN</subfield>
      <subfield code="d">DLC</subfield>
      <subfield code="d">AGPC</subfield>
   </datafield>
   <datafield ind1=" " ind2=" " tag="042">
      <subfield code="a">pcc</subfield>
   </datafield>
   <datafield ind1="0" ind2="0" tag="050">
      <subfield code="a">GV721</subfield>
      <subfield code="b">.W45 2015</subfield>
   </datafield>
   <datafield ind1="0" ind2="0" tag="082">
      <subfield code="a">796.48089</subfield>
      <subfield code="2">23</subfield>
   </datafield>
   <datafield ind1=" " ind2=" " tag="090">
      <subfield code="a">GV 721 W45 2015</subfield>
      <subfield code="b">AGPC</subfield>
   </datafield>
   <datafield ind1="1" ind2=" " tag="100">
      <subfield code="a">Weisbord, Robert G.,</subfield>
      <subfield code="e">author.</subfield>
   </datafield>
   <datafield ind1="1" ind2="0" tag="245">
      <subfield code="a">Racism and the Olympics /</subfield>
      <subfield code="c">Robert G. Weisbord.</subfield>
   </datafield>
   <datafield ind1=" " ind2="1" tag="264">
      <subfield code="a">New Brunswick, New Jersey :</subfield>
      <subfield code="b">Transaction Publishers,</subfield>
      <subfield code="c">[2015]</subfield>
   </datafield>
   <datafield ind1=" " ind2="4" tag="264">
      <subfield code="c">©2015.</subfield>
   </datafield>
   <datafield ind1=" " ind2=" " tag="300">
      <subfield code="a">xiv, 214 pages ;</subfield>
      <subfield code="c">24 cm</subfield>
   </datafield>
   <datafield ind1=" " ind2=" " tag="336">
      <subfield code="a">text</subfield>
      <subfield code="b">txt</subfield>
      <subfield code="2">rdacontent</subfield>
   </datafield>
   <datafield ind1=" " ind2=" " tag="337">
      <subfield code="a">unmediated</subfield>
      <subfield code="b">n</subfield>
      <subfield code="2">rdamedia</subfield>
   </datafield>
   <datafield ind1=" " ind2=" " tag="338">
      <subfield code="a">volume</subfield>
      <subfield code="b">nc</subfield>
      <subfield code="2">rdacarrier</subfield>
   </datafield>
   <datafield ind1=" " ind2=" " tag="504">
      <subfield code="a">Includes bibliographical references (pages 185-197) and index.</subfield>
   </datafield>
   <datafield ind1="0" ind2="0" tag="505">
      <subfield code="t">A case of amnesia : racism and the 1932 Los Angeles Olympics --</subfield>
      <subfield code="t">Jews, blacks, and the 1936 Nazi Olympics --</subfield>
      <subfield code="t">The 1940 winter Olympics, the games that never happened : politics, morality, and sports --</subfield>
      <subfield code="t">Racism and the Olympics : Black protest at the 1968 Mexico City games --</subfield>
      <subfield code="t">Apartheid and the expulsion of South Africa from the Olympics --</subfield>
      <subfield code="t">U.D.I. and the expulsion of Rhodesia from the Olympic movement --</subfield>
      <subfield code="t">Aftermath : outlaw nations as Olympic hosts : gays and others as targets of discrimination.</subfield>
   </datafield>
   <datafield ind1=" " ind2="0" tag="650">
      <subfield code="a">Olympics</subfield>
      <subfield code="x">History.</subfield>
   </datafield>
   <datafield ind1=" " ind2="0" tag="650">
      <subfield code="a">Olympics</subfield>
      <subfield code="x">Social aspects.</subfield>
   </datafield>
   <datafield ind1=" " ind2="0" tag="650">
      <subfield code="a">Racism in sports</subfield>
      <subfield code="x">History.</subfield>
   </datafield>
   <datafield ind1=" " ind2="0" tag="650">
      <subfield code="a">Discrimination in sports</subfield>
      <subfield code="x">History.</subfield>
   </datafield>
   <datafield ind1=" " ind2=" " tag="596">
      <subfield code="a">28</subfield>
   </datafield>
   <datafield ind1=" " ind2=" " tag="926">
      <subfield code="a">GV 721 W45 2015</subfield>
      <subfield code="w">LC</subfield>
      <subfield code="c">1</subfield>
      <subfield code="i">31847001280723</subfield>
      <subfield code="d">11/20/2015</subfield>
      <subfield code="l">ON_SHELF</subfield>
      <subfield code="m">GPRC_GP</subfield>
      <subfield code="p">$150.00</subfield>
      <subfield code="q">1</subfield>
      <subfield code="r">Y</subfield>
      <subfield code="s">Y</subfield>
      <subfield code="t">BOOK</subfield>
      <subfield code="u">3/5/2015</subfield>
   </datafield>
</record>
